% Encoding: UTF-8

@TechReport{Dean_Wirbel,
  author      = {{Kelder, J. D. H. ; de Klerk, S. P. E.}},
  title       = {Flow in the Steriadeal - Heat cxchangers with coiled tubes},
  institution = {Stork Food \& Dairy Systems BV},
  file        = {:C\:/Users/k_ili/Google Drive/CRT II Labor_2018_TU_Graz/Übung_1_Verweilzeitverhalten/Quellen/Flow_Tubular_Heat_Exchangers.pdf:PDF},
}

@Misc{Skript_2018,
  author      = {M. Siebenhofer},
  title       = {Chemical Reaction Eningeering II},
  note = {Institut für Chemische Verfahrenstechnik und Umweltechnik, Technische Universität Graz},
  year        = {2018},
}

@Book{Chem_Reaktion_2018,
  title     = {Chemische Reaktionstechnik},
  publisher = {Springer-Verlag},
  year      = {2017},
  author    = {G. Emig; E. Klemm},
  edition   = {6. Auflage},
}

@Article{Rolfe1934,
  author    = {A. C. Rolfe and C. N. Hinshelwood},
  title     = {The kinetics of esterification. The reaction between acetic acid and methyl alcohol},
  journal   = {Transactions of the Faraday Society},
  year      = {1934},
  volume    = {30},
  pages     = {935 - 944},
  publisher = {Royal Society of Chemistry ({RSC})},
}

@Article{mandake2013kinetic,
  author  = {Mandake, M. B. and Anekar, S. V. and Walke, S. M.},
  title   = {Kinetic study of catalyzed and uncatalyzed esterification reaction of acetic acid with methanol},
  journal = {American International Journal of Research in Science, Technology, Engineering \& Mathematics},
  year    = {2013},
  volume  = {3},
  number  = {1},
  pages   = {114--121},
}

@Article{fogler1999elements,
  author    = {Fogler, H. S.},
  title     = {Elements of chemical reaction engineering},
  year      = {1999},
  publisher = {Prentice-Hall International London},
}

@Misc{Chemgapedia,
  author       = {Nuyken, O. and Samarian, H. and Nagel-Ogric, C.},
  title        = {Polymerisationsreaktionen in der Industrie},
  howpublished = {http://www.chemgapedia.de/vsengine/vlu/vsc/de/ch/9/mac/reaktionstechnik /industrie/kriteria.vlu/Page/vsc/de/ch/9/mac/reaktionstechnik/industrie/reaktor / chargenkessel2.vscml.html},
  note         = {Stand: 01.05.2018},
}

@Misc{Skript_CVT_MCI,
  author      = {L. Möltner},
  title       = {Skript zur Lehrveranstaltung Chemische Verfahrenstechnik},
  note          = {Management Center Innsbruck},
  year        = {2014},
}

@Misc{Leitfahigkeit_Wasser,
  author       = {{Lenntech}},
  title        = {Elektrische Leitfähigkeit des Wassers},
  howpublished = {https://www.lenntech.de/anwendungen/reinstwasser/leitfaehigkeitsmessung /leitfahigkeit.htm},
  note         = {Stand: 01.05.2018},
}

@Comment{jabref-meta: databaseType:bibtex;}
